@book{ref:BonShap2013,
  title={Perturbation {A}nalysis of {O}ptimization {P}roblems},
  author={F. J. Bonnans and A. Shapiro},
  year={2013},
  publisher={Springer Science \& Business Media}
}

@article{ref:cornet1986lipschitzian,
  title={Lipschitzian solutions of perturbed nonlinear programming problems},
  author={B. Cornet and J.-PH. Vial},
  journal={SIAM {J}ournal on {C}ontrol and {O}ptimization},
  volume={24},
  number={6},
  pages={1123--1137},
  year={1986},
  publisher={SIAM}
}